@MISC{COP21,
  author =       "{United Nations, FCCC}",
  title =        {{A}doption of the {P}aris {A}greement. {P}roposal by the {P}resident},
  note = {{A}vailable:  {\url{http://unfccc.int/resource/docs/2015/cop21/eng/l09r01.pdf}}},
  year =         {2015},
  month =        {},
  abstract =     {},
  keywords =     {},
  source =       {http:/www.unfccc.int/},
}
@article{lu2020fundamentals,
  title={Fundamentals and business model for resource aggregator of demand response in electricity markets},
  author={Lu, Xiaoxing and Li, Kangping and Xu, Hanchen and Wang, Fei and Zhou, Zhenyu and Zhang, Yagang},
  journal={Energy},
  volume={204},
  pages={117885},
  year={2020},
  publisher={Elsevier}
}
@INPROCEEDINGS{compsac2020,
  author={M. {Orlando} and L. {Bottaccioli} and E. {Patti} and E. {Macii} and S. {Vinco} and M. {Poncino}},
  booktitle={2020 IEEE 44th Annual Computers, Software, and Applications Conference (COMPSAC)}, 
  title={Optimal Configuration and Placement of PV Systems in Building Roofs with Cost Analysis}, 
  year={2020},
  volume={},
  number={},
  pages={1411-1416},
  doi={10.1109/COMPSAC48688.2020.00-58}}
 @INPROCEEDINGS{6528850, 
author={E. S. {Kumar} and B. {Sarkar}}, 
booktitle={Proc. of ICCPCT}, 
title={Improved modeling of failure rate of photovoltaic modules due to operational environment}, 
year={2013}, 
pages={388-393},
}

@ARTICLE{tilt, 
title={Using {GIS}-based methods and lidar data to estimate rooftop solar technical potential in {US} cities}, 
author = {Robert Margolis and Pieter Gagnon and Jennifer Melius and Caleb Phillips and Ryan Elmore}, year = 2017, 
journal={Environmental Research Letters},
volume = 12, 
issue = 7,
}


@ARTICLE{7997730,
  author={L. {Bottaccioli} and E. {Patti} and E. {Macii} and A. {Acquaviva}},
  journal={IEEE Systems Journal}, 
  title={{GIS}-Based Software Infrastructure to Model {PV} Generation in Fine-Grained Spatio-Temporal Domain}, 
  year={2018},
  volume={12},
  number={3},
  pages={2832-2841},
  doi={10.1109/JSYST.2017.2726350}}
  
 @misc{datasheet,
  title={{PV-MF165EB3 (165Wp) PV module}},
  organization={{Mitsubishi Electric}},
  howpublished={https://www.mitsubishielectricsolar.com/images/uploads/documents/ specs/L-175-4-B6504-A\_MF165EB3.pdf},
  year={2004},
}
@article{soarespredicting,
  title={Predicting the Solar Potential of Rooftops using Image Segmentation and Structured Data},
  author={Soares, D and Andrieux, Fran{\c{c}}ois and Hell, Bastien and Lenhardt, Julien and Ensta, Paris and Badosa, Jordi and Gavoille, Sylvain and Gaiffas, St{\'e}phane and Bacry, Emmanuel}
}

@techreport{mizzimi_2020, title={New business model encourages ESCOs to join forces with demand response aggregators}, howpublished={https://ec.europa.eu/easme/en/news/new-business-model-encourages-escos-join-forces-demand-response-aggregators}, institution={European Commission, Executive Agency for SMEs (EASME)}, year={2020}, month={Jun}}
%author={Mizzimi},

@INPROCEEDINGS{8257681,
  author={A. {Arief} and M. B. {Nappu} and S. M. {Rachman} and M. {Darusman}},
  booktitle={2017 4th International Conference on Information Technology, Computer, and Electrical Engineering (ICITACEE)}, 
  title={Optimal photovoltaic placement at the southern sulawesi power system for stability improvement}, 
  year={2017},
  volume={},
  number={},
  pages={87-92},
  doi={10.1109/ICITACEE.2017.8257681}}
  
 @inproceedings{khemiri2018optimal,
  title={Optimal placement of solar photovoltaic farms using analytical hierarchical process and geographic information system in Mekkah, Saudi Arabia},
  author={Khemiri, W and Yaagoubi, R and Miky, Y},
  booktitle={AIP Conference Proceedings},
  volume={2056},
  number={1},
  pages={020025},
  year={2018},
  organization={AIP Publishing LLC}
}

@inproceedings{el2020optimal,
  title={Optimal Efficiency and Operational Cost Savings: A Framework for Automated Rooftop PV Placement},
  author={El Kontar, Rawad and Jin, Xin},
  booktitle={Proceedings of 2020 Building Performance Analysis Conference and SimBuild, ASHRAE and IBPSA-USA},
  year={2020}
}

@article{ZHU2019831,
title = {A simplified mathematical model for power output predicting of {Building Integrated Photovoltaic} under partial shading conditions},
journal = {Elsevier Energy Conversion and Management},
volume = {180},
pages = {831-843},
year = {2019},
author = {Li Zhu and Qingxiang Li and Mengdong Chen and Kaiyue Cao and Yong Sun},}


@article{LI2020118795,
title = {Performance prediction of Building Integrated Photovoltaics under no-shading, shading and masking conditions using a multi-physics model},
journal = {Elsevier Energy},
volume = {213},
pages = {118795},
year = {2020},
author = {Qingxiang Li and Li Zhu and Yong Sun and Lin Lu and Yang Yang},}



@Article{su11195286,
AUTHOR = {Mil\v{c}iuviene, Saule and Kir\v{s}iene, Julija and Doheijo, Enrique and Urbonas, Rolandas and Mil\v{c}ius, Darius},
TITLE = {The Role of Renewable Energy Prosumers in Implementing Energy Justice Theory},
JOURNAL = {Sustainability},
VOLUME = {11},
YEAR = {2019},
NUMBER = {19},
}

@techreport{irena,
howpublished={https://irena.org/-/media/Files/IRENA/Agency/Publication/2019/Nov/IRENA\_Future\_of\_ Solar\_PV\_2019.pdf}, institution={IRENA - International Renewable Energy Agency}, title={Future of Solar Photovoltaic - Deployment, investment, technology, grid integration and socio-economic aspects},
year={2019}
}
@article{baranyai2021correlation,
  title={Correlation Analysis of the Spread of Household-Sized Photovoltaic Power Plants and Various District Indicators: A Case Study},
  author={Baranyai, N{\'o}ra Heged{\H{u}}sn{\'e} and Zsibor{\'a}cs, Henrik and Vincze, Andr{\'a}s and Rodek, N{\'o}ra and Makai, Martina and Pint{\'e}r, G{\'a}bor and others},
  journal={Sustainability},
  volume={13},
  number={2},
  pages={1--1},
  year={2021},
  publisher={MDPI, Open Access Journal}
}

@article{bergamasco2011scalable,
  title={Scalable methodology for the photovoltaic solar energy potential assessment based on available roof surface area: Application to Piedmont Region (Italy)},
  author={Bergamasco, Luca and Asinari, Pietro},
  journal={Solar energy},
  volume={85},
  number={5},
  pages={1041--1055},
  year={2011},
  publisher={Elsevier}
}

@article{bracco2018energy,
  title={Energy planning of sustainable districts: Towards the exploitation of small size intermittent renewables in urban areas},
  author={Bracco, Stefano and Delfino, Federico and Ferro, Giulio and Pagnini, Luisa and Robba, Michela and Rossi, Mansueto},
  journal={Applied Energy},
  volume={228},
  pages={2288--2297},
  year={2018},
  publisher={Elsevier}
}
@article{kucuksari2014integrated,
  title={An Integrated GIS, optimization and simulation framework for optimal PV size and location in campus area environments},
  author={Kucuksari, Sadik and Khaleghi, Amirreza M and Hamidi, Maryam and Zhang, Ye and Szidarovszky, Ferenc and Bayraksan, Guzin and Son, Young-Jun},
  journal={Applied Energy},
  volume={113},
  pages={1601--1613},
  year={2014},
  publisher={Elsevier}
}

@inproceedings{orlando2020optimal,
  title={Optimal Configuration and Placement of PV Systems in Building Roofs with Cost Analysis},
  author={Orlando, Matteo and Bottaccioli, Lorenzo and Patti, Edoardo and Macii, Enrico and Vinco, Sara and Poncino, Massimo},
  booktitle={2020 IEEE 44th Annual Computers, Software, and Applications Conference (COMPSAC)},
  pages={1411--1416},
  year={2020},
  organization={IEEE}
}

@INPROCEEDINGS{8342049_OMITTED, 
title={Omitted for blind review}}

@INPROCEEDINGS{8342049,
  author={S. {Vinco} and L. {Bottaccioli} and E. {Patti} and A. {Acquaviva} and E. {Macii} and M. {Poncino}},
  booktitle={Proc. of Design, Automation   Test in Europe Conference   Exhibition (DATE) 2018}, 
  title={{GIS}-based optimal photovoltaic panel floorplanning for residential installations}, 
  volume={},
  number={},
  pages={437-442},
}
  

@article{ahmadi2017optimal,
  title={Optimal sizing and placement of rooftop solar photovoltaic at Kabul city real distribution network},
  author={Ahmadi, Mikaeel and Lotfy, Mohammed Elsayed and Shigenobu, Ryuto and Yona, Atsushi and Senjyu, Tomonobu},
  journal={IET Generation, Transmission \& Distribution},
  volume={12},
  number={2},
  pages={303--309},
  year={2017},
  publisher={IET}
}

@article{quiros2018solar,
  title={Solar potential of rooftops in C{\'a}ceres city, Spain},
  author={Quir{\'o}s, Elia and Pozo, Mar and Ceballos, Jos{\'e}},
  journal={Journal of Maps},
  volume={14},
  number={1},
  pages={44--51},
  year={2018},
  publisher={Taylor \& Francis}
}

@article{ondeck2015optimal,
  title={Optimal operation of a residential district-level combined photovoltaic/natural gas power and cooling system},
  author={Ondeck, Abigail D and Edgar, Thomas F and Baldea, Michael},
  journal={Applied Energy},
  volume={156},
  pages={593--606},
  year={2015},
  publisher={Elsevier}
}

@article{jannesar2018optimal,
  title={Optimal placement, sizing, and daily charge/discharge of battery energy storage in low voltage distribution network with high photovoltaic penetration},
  author={Jannesar, Mohammad Rasol and Sedighi, Alireza and Savaghebi, Mehdi and Guerrero, Josep M},
  journal={Applied energy},
  volume={226},
  pages={957--966},
  year={2018},
  publisher={Elsevier}
}

@misc{energy_price,
	title = {Electricity price statistics - {Statistics} {Explained}},
	howpublished = {https://ec.europa.eu/eurostat/statistics-explained/index.php/Electricity\_ price\_statistics},
	urldate = {2021-04-13},
}

@misc{maintenance_price,
	title = {What is the average payback period of a solar {PV} installation?},
	url = {https://www.centricabusinesssolutions.com/us/blogpost/what-average-payback-period-solar-pv-installation},
	urldate = {2021-04-16},
}

@inproceedings{masoum2010optimal,
  title={Optimal placement of hybrid PV-wind systems using genetic algorithm},
  author={Masoum, Mohammad AS and Badejani, Seyed M Mousavi and Kalantar, Mohsen},
  booktitle={2010 Innovative Smart Grid Technologies (ISGT)},
  pages={1--5},
  year={2010},
  organization={IEEE}
}
@article{doagou2013optimal,
  title={Optimal placement and sizing of DG (distributed generation) units in distribution networks by novel hybrid evolutionary algorithm},
  author={Doagou-Mojarrad, Hasan and Gharehpetian, GB and Rastegar, H and Olamaei, Javad},
  journal={Energy},
  volume={54},
  pages={129--138},
  year={2013},
  publisher={Elsevier}
}
@article{pillot2020integrated,
  title={An integrated GIS and robust optimization framework for solar PV plant planning scenarios at utility scale},
  author={Pillot, Benjamin and Al-Kurdi, Nadeem and Gervet, Carmen and Linguet, Laurent},
  journal={Applied Energy},
  volume={260},
  pages={114257},
  year={2020},
  publisher={Elsevier}
}
@article{yushchenko2018gis,
  title={{GIS}-based assessment of photovoltaic {(PV)} and concentrated solar power {(CSP)} generation potential in {West Africa}},
  author={Yushchenko, Alisa and De Bono, Andr{\'e}a and Chatenoux, Bruno and Patel, Martin Kumar and Ray, Nicolas},
  journal={Renewable and Sustainable Energy Reviews},
  volume={81},
  pages={2088--2103},
  year={2018},
  publisher={Elsevier}
}
@article{fortenbacher2017optimal,
  title={Optimal placement and sizing of distributed battery storage in low voltage grids using receding horizon control strategies},
  author={Fortenbacher, Philipp and Ulbig, Andreas and Andersson, G{\"o}ran},
  journal={IEEE Transactions on Power Systems},
  volume={33},
  number={3},
  pages={2383--2394},
  year={2017},
  publisher={IEEE}
}
@article{chedid2019optimal,
  title={Optimal placement and sizing of photovoltaics and battery storage in distribution networks},
  author={Chedid, Riad and Sawwas, Ahmad},
  journal={Energy Storage},
  volume={1},
  number={4},
  pages={e46},
  year={2019},
  publisher={Wiley Online Library}
}
@misc{gdal,
	title = {{GDAL} — {GDAL} documentation},
	url = {https://gdal.org/},
	urldate = {2021-04-20},
}